3009 5050
487 499 592 558 324
1421 473 1845 543 rnssonicess.

488 629 629 700 l'on
679 617 983 692 n’aurait
1012 637 1136 709 pas
1166 637 1264 708 pu
1295 614 1611 685 soutenir
1643 635 1805 683 sans
1844 611 1907 682 le
1939 613 2271 706 choquer,
2306 613 2531 706 qu'un
2573 619 2797 688 meme

486 733 696 826 degrc
719 730 804 798 de
823 725 1028 816 grace
1057 722 1333 792 interne
1365 727 1471 790 est
1497 719 1890 790 victorieux
1912 720 2087 789 dans
2110 719 2283 802 l’un,
2307 724 2399 792 οὺ
2428 721 2479 791 il
2506 729 2614 791 est
2647 722 2800 795 aide

488 863 615 936 par
642 839 740 907 les
769 833 1302 912 circonstanceS,
1339 833 1408 897 et
1435 848 1522 897 ne
1551 825 1704 896 l’est
1734 847 1859 917 pas
1886 827 2061 896 dans
2090 825 2362 898 l’autre.

572 943 729 1014 287.
780 941 874 1010 La
902 937 1180 1008 volonte
1209 940 1312 1006 est
1345 931 1889 1025 proportionnee
1920 953 2010 1002 au
2041 932 2420 1005 sentiment
2449 958 2589 1028 que
2622 959 2796 1010 nous

483 1071 696 1126 avons
725 1049 820 1118 du
851 1045 1039 1126 bien,
1073 1048 1142 1113 et
1172 1063 1258 1111 en
1297 1039 1441 1110 suit
1468 1040 1538 1108 la
1564 1038 1989 1130 prevalence.
2024 1068 2055 1102 α
2104 1037 2175 1109 Si
2205 1046 2595 1134 utrumque
2642 1053 2793 1116 tan-

487 1189 517 1225 »
556 1157 870 1229 tumdem
895 1149 1280 1242 diligimus,
1315 1145 1492 1216 nihil
1521 1147 1773 1215 horum
1810 1144 2163 1216 dabimus,
2198 1147 2396 1231 Item,
2424 1150 2617 1241 quod
2648 1173 2791 1224 am-

487 1297 516 1330 »
552 1265 740 1358 plius
777 1281 903 1330 nos
949 1257 1275 1337 delectat,
1329 1253 1711 1324 secundum
1756 1252 1827 1323 id
1877 1273 2249 1344 operemur
2287 1276 2567 1326 necesse
2623 1265 2785 1328 est»

474 1373 582 1462 (In
619 1391 681 1440 c.
715 1391 785 1450 v,
817 1364 910 1434 ad
939 1363 1144 1452 Gal.).
1175 1358 1304 1430 J’ai
1339 1358 1668 1450 explique
1701 1359 1855 1441 deja
1881 1365 2230 1430 comment
2257 1382 2424 1431 avec
2454 1366 2616 1432 tout
2654 1363 2790 1434 cela

479 1501 655 1550 nous
694 1495 908 1545 avons
949 1467 1484 1540 veritablement
1522 1487 1619 1535 un
1666 1466 1889 1556 grand
1925 1467 2220 1558 pouvoir
2266 1487 2391 1536 sur
2435 1474 2647 1540 notre
2674 1491 2789 1540 vo·

475 1591 689 1658 lonte.
729 1581 930 1652 Saint
956 1575 1307 1678 Augustin
1335 1573 1396 1644 le
1437 1572 1658 1664 prend
1707 1594 1804 1640 un
1838 1593 1974 1664 peu
2008 1579 2431 1659 autrement,
2470 1581 2543 1644 et
2580 1575 2789 1648 d’une

477 1692 784 1765 maniere
815 1687 937 1781 qui
961 1707 1048 1755 ne
1076 1687 1276 1754 mene
1307 1703 1433 1775 pas
1463 1683 1603 1750 fort
1634 1679 1805 1763 loin‚
1838 1700 2107 1752 comme
2129 1681 2447 1773 lorsqu’il
2476 1683 2591 1753 dit
2620 1683 2787 1777 qu'il

477 1803 594 1892 ii’y
623 1822 664 1869 a
695 1797 848 1866 rien
876 1792 996 1885 qui
1032 1791 1166 1861 soit
1195 1796 1352 1859 tant
1399 1809 1487 1858 en
1524 1793 1721 1858 notre
1768 1787 2161 1880 puissance,
2209 1810 2348 1882 que
2387 1788 2679 1860 l’action
2709 1792 2787 1862 de

477 1915 679 1978 notre
720 1902 1020 1982 volente,
1054 1900 1227 1968 dont
1255 1895 1304 1964 il
1335 1893 1506 1965 rend
1542 1916 1678 1964 une
1711 1894 1944 1964 raison
1973 1894 2095 1987 qui
2140 1905 2244 1965 est
2277 1918 2373 1965 un
2414 1919 2553 1988 peu
2594 1897 2787 1969 iden·

477 2014 694 2106 tique.
729 2008 885 2090 Car,
913 2002 1123 2087 dit-il,
1147 2006 1327 2072 cette
1357 2000 1589 2071 action
1623 2007 1725 2071 est
1759 2003 1953 2093 prete
1983 2023 2073 2071 au
2098 2007 2411 2073 moment
2442 2026 2582 2096 que
2610 2027 2787 2076 nous

475 2117 789 2190 voulonS.
832 2143 862 2177 α
901 2109 1087 2180 Nihil
1116 2116 1260 2180 tam
1289 2108 1364 2177 in
1398 2111 1641 2178 nostra
1672 2111 2009 2199 potestate
2048 2113 2185 2192 est,
2228 2131 2441 2202 quam
2477 2110 2637 2203 ipsa
2667 2135 2779 2185 vo-

485 2253 513 2288 »
547 2224 805 2302 luntaS,
833 2240 912 2289 ea
949 2217 1135 2288 enim
1175 2237 1338 2287 mox
1377 2220 1458 2285 ut
1484 2214 1810 2283 volumus
1856 2220 2111 2306 praesto
2143 2222 2247 2285 est
2272 2243 2302 2278 »
2335 2216 2512 2308 (Lib.
2552 2219 2669 2301 111,
2710 2221 2785 2288 de

481 2330 624 2399 Lib.
657 2327 850 2408 Arb„
883 2347 944 2395 c.
981 2347 1092 2406 111;
1119 2322 1244 2392 lib.
1283 2323 1363 2403 V,
1409 2321 1488 2390 de
1531 2323 1670 2390 Civ.
1704 2321 1859 2404 Dei,
1885 2342 1947 2391 c.
1984 2320 2079 2412 x).
2112 2321 2283 2391 Mais
2320 2323 2464 2392 cela
2506 2323 2781 2417 signifle

477 2435 858 2506 seulement
887 2452 1025 2523 que
1043 2449 1221 2500 nous
1238 2429 1533 2498 voulons
1557 2427 1838 2519 lorsque
1862 2447 2037 2497 nous
2056 2427 2374 2511 voulom,
2397 2435 2464 2499 et
2492 2452 2633 2500 non
2662 2455 2781 2527 pas

475 2564 612 2638 que
625 2540 1104 2614 nousvoulons
1123 2560 1201 2608 ce
1218 2558 1354 2630 que
1376 2556 1552 2606 nous
1576 2535 1984 2605 souhaitons
2003 2535 2089 2606 de
2106 2536 2401 2606 vouloir.
2426 2536 2477 2605 11
2499 2560 2543 2628 y
2562 2560 2604 2607 a
2624 2540 2779 2631 plus

473 2653 557 2723 de
579 2651 761 2743 sujet
786 2650 872 2719 de
907 2647 1059 2717 dire
1093 2664 1260 2715 avec
1287 2642 1388 2713 lui
1423 2666 1438 2712 :
1473 2645 1613 2711 Aut
1642 2643 1947 2710 voluntas
1974 2664 2109 2710 non
2141 2654 2261 2727 est,
2292 2654 2412 2712 aut
2444 2644 2649 2713 libera
2678 2646 2777 2716 di-

474 2758 675 2827 cenda
705 2768 798 2824 est
831 2754 919 2845 (d.
961 2755 1054 2835 J.‚
1087 2752 1200 2833 ΙΙΙ,
1239 2770 1302 2819 c.
1339 2747 1476 2839 111),
1510 2754 1745 2839 etque
1785 2768 1861 2818 ce
1895 2748 2019 2839 qui
2055 2753 2256 2842 porte
2294 2748 2362 2818 la
2386 2748 2663 2821 volonte
2692 2774 2777 2824 au

477 2864 638 2935 bien
684 2858 1279 2939 infailliblement,
1325 2876 1416 2925 ou
1455 2854 1996 2938 certainement,
2044 2876 2131 2925 ne
2170 2854 2550 2948 l'empeche
2581 2857 2775 2951 point

477 2967 692 3039 d'etre
726 2965 926 3034 libre.
961 2992 992 3026 «x
1029 2966 1371 3055 Perquam
1403 2962 1791 3032 absurdum
1821 2967 1949 3043 est,
1987 2967 2069 3031 ut
2101 2961 2258 3031 ideo
2286 2960 2605 3035 dicamus
2638 2988 2773 3037 non

487 3104 514 3137 »
550 3057 896 3166 pertinere
936 3070 1033 3140 ad·
1053 3067 1485 3139 voluntatem
1516 3068 1964 3160 (libertatem)
2005 3072 2343 3151 nostram,
2370 3070 2559 3161 quod
2600 3071 2772 3141 beati

489 3212 517 3245 1>
553 3200 698 3251 esse
719 3178 1065 3259 volumuS,
1099 3175 1268 3268 quia
1301 3174 1373 3245 id
1411 3173 1701 3245 omnino
1743 3173 1926 3244 nolle
1965 3196 2103 3245 non
2149 3196 2522 3267 possumus
2552 3177 2775 3248 nescio

487 3318 518 3352 υ
553 3310 694 3381 qua
741 3286 926 3382 bona
951 3281 1444 3355 constrictione
1483 3286 1778 3352 naturae.
1812 3281 1949 3351 Nec
1984 3281 2215 3353 dicere
2253 3284 2597 3354 audemus
2629 3284 2771 3354 ideo

489 3427 516 3460 »
553 3396 772 3465 Deum
789 3413 932 3463 non
949 3391 1379 3461 voluntatem
1397 3387 1868 3480 (libertatem),
1890 3388 2007 3459 sed
2029 3388 2505 3461 necessitatem
2528 3392 2769 3463 habere

489 3532 518 3567 D
545 3499 882 3594 justitiae,
915 3496 1081 3590 quia
1114 3516 1256 3565 non
1299 3499 1527 3587 potest
1576 3493 1748 3566 velle
1799 3516 2109 3588 peccare.
2162 3494 2363 3568 Certe
2412 3497 2599 3569 Deus
2635 3498 2771 3591 ipse

490 3638 522 3672 »γ
557 3604 901 3697 numquid
923 3602 1090 3695 quia
1113 3622 1398 3695 peccare
1429 3622 1571 3672 non
1602 3607 1861 3695 potest,
1896 3601 2050 3674 ideo
2074 3602 2378 3675 liberum
2402 3604 2767 3675 arbitrium

488 3743 519 3779 1>
554 3713 811 3781 habere
842 3709 1203 3800 negandus
1243 3708 1389 3779 est?
1427 3734 1457 3769 ιο
1491 3708 1623 3797 (De
1674 3712 1833 3779 Nat.
1875 3721 1937 3778 et
1968 3712 2189 3795 Grat.,
2221 3732 2284 3781 c.
2326 3734 2513 3795 var,
2562 3734 2763 3793 xtvn,

484 3840 725 3901 vam,
748 3817 960 3906 xmx).
982 3816 1036 3885 ΙΙ
1059 3816 1164 3886 dit
1189 3814 1373 3886 aussi
1391 3816 1526 3886 sort
1556 3814 1742 3899 bien,
1768 3806 1903 3908 (jue
1928 3816 2101 3887 Dieu
2131 3817 2361 3887 donne
2388 3818 2452 3890 le
2481 3819 2767 3913 premier

485 3928 625 3999 bon
668 3928 1134 4005 mouvement,
1181 3922 1358 3991 mais
1402 3942 1538 4014 que
1572 3943 1699 4012 par
1744 3926 1946 4013 apres
1992 3923 2322 3995 l’homme
2378 3927 2525 4019 agit
2562 3924 2763 3997 aussi.

483 4037 799 4125 Ayuntur
825 4040 900 4097 ut
927 4040 1156 4121 ayant,
1187 4052 1320 4099 non
1349 4040 1424 4096 ut
1454 4028 1589 4119 ipsi
1616 4028 1791 4095 nihil
1813 4042 2017 4120 ayant
2047 4034 2168 4123 (De
2209 4034 2549 4125 Corrupt.,
2580 4057 2642 4105 c.
2671 4034 2759 4119 11).

573 4138 730 4209 288.
779 4138 965 4207 Nous
994 4156 1208 4206 avons
1247 4132 1468 4233 ‚etabli
1519 4155 1655 4225 que
1694 4132 1757 4205 le
1800 4134 1979 4208 libre
2007 4138 2272 4209 arbitre
2318 4146 2424 4210 est
2466 4140 2531 4210 la
2578 4160 2765 4210 cause

487 4244 864 4340 prochaine
898 4244 996 4313 du
1035 4241 1171 4311 mal
1213 4242 1300 4311 de
1339 4240 1615 4333 coulpe,
1653 4247 1721 4310 et
1765 4242 2033 4315 ensuite
2068 4244 2166 4314 du
2216 4246 2357 4315 mal
2398 4246 2487 4317 de
2544 4246 2761 4339 peine;

487 4349 826 4449 quoiqu'il
857 4348 992 4419 soit
1009 4346 1158 4417 vrai
1191 4366 1328 4439 que
1355 4345 1887 4437 l’impersection
1918 4350 2259 4444 originale
2289 4355 2409 4424 des
2430 4357 2765 4425 creatures

489 4457 714 4551 quise
741 4464 984 4526 trouve
1017 4454 1449 4547 representee
1478 4454 1653 4523 dans
1689 4453 1788 4525 les
1817 4456 2001 4528 idees
2031 4460 2427 4545 eternelleS‚
2458 4482 2542 4531 en
2572 4467 2671 4533 est
2702 4460 2759 4529 la

2902 4570 2908 4789 j

2888 4790 2905 5002 l
