3009 5050
498 452 567 509 9⁸
1431 430 1854 501 mmmmm.

492 578 768 657 Porree,
798 576 840 643 a
862 574 1030 646 Jean
1058 568 1311 644 Wiclef
1329 574 1423 652 et,
1454 572 1542 641 de
1571 594 1695 641 nos
1730 572 1954 663 Jours,
1989 568 2030 636 a
2061 568 2358 637 Thomas
2385 566 2633 637 Albius
2662 590 2778 637 an-

490 683 691 777 glaiS,
724 688 791 754 et
820 685 862 753 a
893 681 1229 776 quelques
1273 685 1507 750 autres
1555 680 1678 772 qui
1726 701 1800 749 se
1847 686 2005 748 sont
2053 681 2214 767 trop
2260 675 2577 747 enfonces
2613 677 2784 747 dans

490 789 959 884 l’explication
990 790 1110 859 des
1140 792 1499 880 mystereS.

578 897 690 969 87.
744 897 1144 990 Gependant
1184 894 1369 965 saint
1408 891 1756 985 Augustin
1805 892 2014 983 (aussi
2048 892 2210 961 bien
2259 912 2396 983 que
2435 890 2522 959 M.
2557 890 2784 981 Bayle)

472 1026 579 1102 ,ne
608 1006 969 1097 desespere
998 1026 1121 1098 pas
1150 1005 1362 1096 qu’on
1393 1002 1628 1095 puisse
1659 1007 1941 1073 trouver
1981 999 2226 1070 ici-bas
2261 998 2328 1069 le
2361 1000 2786 1069 denoument

488 1111 701 1206 qu’on
730 1112 1045 1184 souhaite
1071 1134 1085 1181 :
1112 1111 1287 1183 mais
1314 1134 1391 1182 ce
1416 1112 1584 1180 Pere
1607 1109 1674 1179 le
1699 1108 1876 1179 croit
1904 1109 2173 1178 reserve
2203 1111 2243 1177 a
2272 1108 2574 1201 quelque
2605 1106 2787 1177 saint

486 1222 769 1290 homme
796 1218 1045 1289 eclaire
1091 1240 1219 1311 par
1248 1240 1385 1289 une
1427 1219 1634 1309 grace
1685 1221 1880 1286 toute
1915 1214 2355 1309 particuliere
2393 1238 2408 1283 :
2451 1242 2484 1279 «
2507 1215 2630 1285 Est
2661 1212 2784 1285 ali-

496 1354 525 1389 1·
560 1348 699 1419 qua
738 1348 949 1397 causa
986 1325 1293 1397 fortassis
1339 1324 1706 1407 occultior,
1755 1344 1914 1414 quae
1967 1322 2374 1393 melioribus
2422 1321 2784 1394 sanctiori-

492 1460 525 1495 »
562 1433 835 1526 busque
864 1438 1258 1505 reservatur
1282 1488 1298 1517 ,
1336 1432 1524 1502 illius
1553 1430 1778 1524 gratia
1819 1430 2048 1522 potius
2079 1454 2291 1524 quam
2336 1431 2604 1502 meritis
2643 1431 2786 1500 illo-

492 1566 527 1603 »
562 1564 719 1613 rum
746 1570 777 1605 1·
818 1542 917 1633 (in
950 1544 1179 1611 Genes.
1212 1540 1305 1609 ad
1338 1542 1655 1623 litteram,
1689 1540 1810 1609 lib.
1845 1539 1959 1621 XI,
1989 1561 2050 1608 c.
2087 1541 2204 1629 1v).
2241 1540 2502 1609 Luther
2521 1540 2787 1607 rescrve

484 1648 551 1719 la
581 1648 1076 1721 connaissance
1104 1649 1199 1718 du
1227 1652 1525 1740 mys-tere
1545 1648 1631 1716 de
1660 1644 1999 1717 l'election
2033 1648 2075 1715 a
2109 1646 2509 1718 l’academie
2543 1647 2786 1716 celeste

448 1841 455 1849 ⁷
483 1760 636 1852 (lib.
662 1758 743 1828 de
758 1782 942 1827 servo
963 1757 1266 1838 arbitriO,
1291 1778 1352 1825 c.
1376 1756 1668 1844 cnxxtv).
1703 1784 1726 1817 ι
1763 1753 1908 1823 Illic
1927 1755 2154 1845 (Deus)
2180 1755 2476 1847 gratiam
2498 1762 2567 1825 et
2587 1756 2788 1826 mise·-

488 1894 520 1929 »
555 1866 930 1937 ricordiam
954 1862 1223 1957 spargit
1238 1863 1312 1931 in
1332 1862 1680 1955 indignos',
1708 1862 1823 1931 hic
1837 1860 2015 1931 iram
2042 1868 2111 1932 et
2133 1862 2569 1933 severitatem
2596 1886 2790 1956 spar-

485 2001 520 2038 »
557 1972 665 2065 git
690 1972 765 2041 in
796 1971 1185 2042 immeritos
1208 1994 1225 2051 ;
1249 1970 1627 2063 utrobique
1649 1969 1908 2040 nimius
1937 1975 2006 2041 et
2033 1970 2320 2062 iniquus
2349 1973 2536 2064 apud
2567 1972 2790 2042 homi-

488 2112 523 2149 »
554 2103 716 2167 nee,
770 2084 887 2153 sed
942 2082 1177 2175 justus
1220 2088 1291 2152 et
1327 2102 1542 2173 veras-t
1593 2082 1782 2173 apud
1831 2080 2163 2173 seipsum.
2215 2082 2386 2151 Nam
2441 2084 2790 2174 quomodo

484 2216 519 2253 »
556 2191 686 2260 hoc
710 2190 980 2281 justum
1011 2189 1103 2259 sit
1140 2196 1219 2261 ut
1248 2188 1572 2280 indignos
1600 2196 1905 2271 coronet,
1955 2188 2660 2282 incomprehensibile
2691 2196 2791 2261 est

490 2324 523 2360 ι
560 2298 799 2380 mod0,
834 2296 1227 2368 videbimus
1286 2302 1547 2380 autem,
1603 2320 1763 2366 cum
1813 2297 1978 2366 illuc
2012 2298 2441 2382 venerimuS,
2491 2296 2614 2367 ubi
2637 2299 2788 2391 jam

484 2432 519 2466 ι
560 2425 699 2474 non
752 2405 1097 2489 credetur,
1140 2406 1256 2474 sed
1302 2404 1600 2475 revelata
1650 2404 1822 2474 facie
1863 2404 2240 2475 videbitur.
2295 2406 2396 2476 Ita
2439 2406 2790 2497 quomodo

489 2538 521 2573 ι
556 2510 687 2582 hoc
710 2511 982 2605 justum
1020 2511 1134 2598 sit,
1174 2520 1254 2583 ut
1299 2512 1686 2584 immeritos
1730 2513 2052 2600 damnet,
2085 2513 2792 2608 incomprehensibile

482 2645 517 2684 n
558 2623 662 2690 est
690 2620 919 2702 mode,
954 2619 1265 2690 creditur
1296 2627 1562 2706 tamen,
1597 2623 1816 2691 donec
1864 2622 2286 2692 revelabitur
2331 2621 2514 2692 filius
2560 2621 2790 2691 homi-

489 2755 521 2790 »
556 2726 689 2798 niS.
722 2755 759 2796 >›
798 2728 851 2798 Il
890 2735 993 2800 est
1032 2732 1074 2799 a
1105 2733 1381 2822 espercr
1426 2754 1565 2823 que
1591 2731 1677 2802 M.
1714 2731 1920 2823 Bayle
1969 2755 2040 2803 se
2077 2737 2320 2805 trouve
2353 2735 2794 2803 maintenant

480 2835 864 2906 environne
887 2836 974 2906 de
1001 2858 1112 2906 ces
1141 2836 1468 2908 lumiercs
1500 2838 1622 2932 qui
1657 2860 1832 2908 nous
1875 2846 2262 2932 manquent
2287 2831 2558 2924 ici-bae,
2595 2839 2790 2933 puis-

479 2941 652 3036 qu'il
680 2965 728 3034 y
756 2965 797 3013 a
828 2942 967 3014 lieu
1008 2944 1095 3014 de
1124 2965 1463 3037 supposer
1498 2946 1672 3039 qu’il
1713 2947 1828 3016 n’a
1851 2946 2056 3040 point
2089 2951 2392 3042 manque
2431 2949 2517 3020 de
2557 2948 2789 3020 bonne

366 3071 373 3080 ·
476 3048 784 3122 volente.

764 3233 1041 3286 Candidus
1072 3234 1267 3288 insueti
1291 3235 1521 3290 miratur
1549 3239 1718 3292 limen
1743 3239 1982 3308 Olympi,

766 3324 881 3378 Sub
896 3324 1233 3394 pedibusque
1258 3326 1409 3380 videt
1432 3329 1608 3382 nubes
1631 3333 1686 3382 et
1709 3330 1891 3384 sidera
1911 3331 2180 3412 Daphnis.
2207 3331 2457 3388 vmoun.

856 3467 979 3521 Illic
1000 3471 1291 3536 postquam
1316 3485 1377 3524 se
1398 3471 1604 3526 lumine
1625 3487 1752 3526 vero

764 3554 1037 3625 Implevit,
1070 3558 1367 3628 stellasque
1400 3575 1568 3629 vagas
1591 3565 1824 3616 miratur
1849 3569 1904 3618 et
1925 3569 2076 3618 astra

762 3644 895 3697 Fixa
922 3649 1080 3716 polis,
1112 3652 1249 3706 vidit
1273 3659 1481 3722 quanta
1513 3656 1614 3709 sub
1638 3661 1798 3710 nocte
1819 3659 2030 3724 jaceret

760 3731 964 3788 Nostra
986 3738 1123 3794 dies.
2239 3743 2460 3796 Lucus.

475 3921 729 3982 nesqueS‚
758 3927 864 3981 que
892 3919 1010 3969 tout
1031 3918 1081 3971 le
1103 3923 1303 3976 monde
1330 3924 1570 3992 connait,
1605 3928 1658 3977 et
1699 3925 1830 3990 qu'il
1875 3937 1908 3975 a
1935 3923 2214 3976 lui-meme
2243 3925 2494 3978 racontec
2524 3927 2662 3979 dans
2687 3943 2790 3979 son

474 3995 722 4052 Historia
758 4003 1160 4062 calamitatum.
1198 4011 1283 4064 On
1325 4015 1548 4065 connait
1593 4027 1654 4063 sa
1683 4015 2151 4078 correspondance
2187 4027 2317 4066 avec
2366 4017 2581 4068 Helo'ise
2601 4038 2614 4068 ε
2637 4016 2794 4069 Petri

472 4084 725 4143 Abaelard
756 4093 807 4144 et
832 4091 1058 4150 Holoisae
1086 4097 1335 4170 conjum‘s
1366 4104 1481 4170 ejus
1518 4113 1720 4168 opera,
1761 4100 1938 4166 Paris,
1994 4100 2152 4169 1616,
2197 4102 2368 4157 in-40.
2401 4104 2660 4156 Abailard
2707 4105 2796 4156 rut

472 4186 549 4226 un
576 4175 676 4228 des
698 4179 1085 4240 rerer-maleum
1114 4190 1181 4242 de
1208 4192 1261 4242 la
1289 4189 1633 4258 philosophie
1658 4189 1798 4240 etde
1829 4190 1884 4240 la
1905 4190 2122 4256 logique
2148 4205 2218 4244 au
2237 4207 2428 4260 moyen
2453 4195 2573 4260 age.
2599 4221 2665 4234 —
2689 4195 2792 4246 Sos

478 4259 716 4320 OEuvres
744 4275 1029 4343 completos
1074 4283 1172 4331 ont
1208 4281 1297 4331 6ῑὲ
1346 4279 1590 4348 publiees
1637 4293 1738 4344 par
1786 4279 1862 4330 M.
1905 4279 2091 4334 Victor
2127 4283 2344 4352 Cousin,
2394 4287 2424 4337 2
2467 4286 2573 4338 vol.
2623 4285 2786 4336 in—40.

2487 4375 2551 4426 P.
2581 4372 2636 4425 J.
